@article{Chen:2007jma,
author = {Chen, Hua-Tsung and Chen, Hsuan-Shen and Lee, Suh-Yin},
title = {{Physics-Based Ball Tracking in Volleyball Videos with its Applications to Set Type Recognition and Action Detection}},
journal = {2007 IEEE International Conference on Acoustics, Speech and Signal Processing - ICASSP '07},
year = {2007},
volume = {1},
pages = {I--1097--I--1100}
}

@article{Figueroa:2006dq,
	author = {Figueroa, P J and Leite, N J and Barros, RML},
	title = {{Tracking soccer players aiming their kinematical motion analysis}},
	journal = {Computer Vision and Image Understanding},
	year = {2006},
	volume = {101},
	number = {2},
	pages = {122--135}
}

@article{Lai:2011gf,
	author = {Lai, Jui-Hsin and Chen, Chieh-Li and Kao, Chieh-Chi and Chien, Shao-Yi},
	title = {{Tennis Video 2.0: A new presentation of sports videos with content separation and rendering}},
	journal = {Journal of Visual Communication and Image Representation},
	year = {2011},
	volume = {22},
	number = {3},
	pages = {271--283},
	month = apr
}

@article{Niu:2012dz,
	author = {Niu, Zhenxing and Gao, Xinbo and Tian, Qi},
	title = {{Tactic analysis based on real-world ball trajectory in soccer video}},
	journal = {Pattern Recognition},
	year = {2012},
	volume = {45},
	number = {5},
	pages = {1937--1947},
	month = may
}

@article{Fang:2014uz,
	author = {Fang, M Y and Chang, C K and Yang, N C and Kuo, C M},
	title = {{Robust player tracking for broadcast tennis videos with adaptive Kalman filtering}},
	journal = {source: Journal of {\ldots}},
	year = {2014}
}




